<?xml version="1.0" encoding="UTF-8"?><collection xmlns="http://www.loc.gov/MARC21/slim"><record><leader>00399nam--2200157-i-4500</leader><controlfield tag="001">000028966</controlfield><controlfield tag="002">20161230</controlfield><controlfield tag="005">20170129224215</controlfield><controlfield tag="008">060222s1000------------r-----000-0-eng-d</controlfield><datafield ind1=" " ind2=" " tag="100"><subfield code="a">Labno, L</subfield></datafield><datafield ind1=" " ind2=" " tag="245"><subfield code="a">Pierwszy w polsce reaktor jadrowy</subfield></datafield><datafield ind1=" " ind2=" " tag="260"><subfield code="a">Warzawa</subfield><subfield code="b">Pantwowe Wydawnictwa Techniczne</subfield><subfield code="c">1958</subfield></datafield><datafield ind1=" " ind2=" " tag="300"><subfield code="a">105 p</subfield></datafield><datafield ind1=" " ind2=" " tag="700"><subfield code="a">Zarnowiecki, K</subfield></datafield><datafield ind1=" " ind2=" " tag="852"><subfield code="a">5485</subfield></datafield><datafield ind1=" " ind2=" " tag="CAT"><subfield code="a">SYS</subfield><subfield code="c">20170129</subfield><subfield code="h">224215</subfield></datafield></record></collection>